% This file was created with Citavi 6.7.0.0

@misc{doks.innovationGmbH.2020,
 author = {{doks. innovation GmbH}},
 year = {2020},
 title = {inventAIRy XL},
 url = {https://doks-innovation.com/solutions/inventairy-xl},
 address = {doks. innovation Homepage},
 urldate = {2020-12-31}
}


@article{JosephRedmonSantoshDivvalaRossGirshickAliFarhadi.2016,
 author = {{Joseph Redmon, Santosh Divvala, Ross Girshick, Ali Farhadi}},
 year = {2016},
 title = {You Only Look Once: Unified, Real-Time Object Detection},
 url = {https://arxiv.org/pdf/1506.02640.pdf},
 urldate = {2020-12-31}
}


@article{WeiLiuDragomirAnguelovDumitruErhanChristianSzegedyScottReedChengYangFuAlexander.2016,
 author = {{Wei Liu, Dragomir Anguelov, Dumitru Erhan, Christian Szegedy, Scott Reed, Cheng-Yang Fu,  Alexander C. Berg}},
 year = {2016},
 title = {SSD: Single Shot MultiBox Detector},
 url = {https://arxiv.org/pdf/1512.02325.pdf},
 urldate = {2020-12-31}
}


